<?xml version='1.0' encoding='UTF-8'?>
<record xmlns="http://www.loc.gov/MARC21/slim">
  <leader>01544cam a2200349   4500</leader>
  <controlfield tag="001">2766759</controlfield>
  <controlfield tag="003">NjP</controlfield>
  <controlfield tag="005">20171010175034.0</controlfield>
  <controlfield tag="008">930614s1970    iq       b    000 0 arar </controlfield>
  <datafield tag="024" ind1="7" ind2=" ">
    <subfield code="a">princeton_aco001859</subfield>
    <subfield code="2">local</subfield>
  </datafield>
  <datafield ind1=" " ind2=" " tag="010">
    <subfield code="a">   75586956 </subfield>
  </datafield>
  <datafield ind1=" " ind2=" " tag="035">
    <subfield code="a">(OCoLC)ocn178373672</subfield>
  </datafield>
  <datafield ind1=" " ind2=" " tag="035">
    <subfield code="a">(OCoLC)ocm28273314</subfield>
  </datafield>
  <datafield ind1=" " ind2=" " tag="035">
    <subfield code="a">(OCoLC)178373672</subfield>
  </datafield>
  <datafield ind1=" " ind2=" " tag="035">
    <subfield code="9">CNG2683TS</subfield>
  </datafield>
  <datafield ind1=" " ind2=" " tag="035">
    <subfield code="a">(NjP)2766759</subfield>
  </datafield>
  <datafield ind1=" " ind2=" " tag="040">
    <subfield code="a">DLC</subfield>
    <subfield code="c">PUL</subfield>
    <subfield code="d">PUL</subfield>
  </datafield>
  <datafield ind1=" " ind2=" " tag="049">
    <subfield code="a">PULL</subfield>
  </datafield>
  <datafield ind1=" " ind2=" " tag="079">
    <subfield code="a">ocm28273314</subfield>
  </datafield>
  <datafield ind1="1" ind2=" " tag="100">
    <subfield code="6">880-01</subfield>
    <subfield code="a">Zaydān, ʻAbd al-Karīm.</subfield>
  </datafield>
  <datafield ind1="1" ind2="0" tag="245">
    <subfield code="6">880-02</subfield>
    <subfield code="a">Ḥālat al-ḍarūrah fī al-sharīʻah al-Islāmīyah /</subfield>
    <subfield code="c">[taʼlīf] ʻAbd al-Karīm Zaydān.</subfield>
  </datafield>
  <datafield ind1=" " ind2=" " tag="260">
    <subfield code="6">880-03</subfield>
    <subfield code="a">[Baghdād?] :</subfield>
    <subfield code="b">Dār al-Nadhīr,</subfield>
    <subfield code="c">[1970]</subfield>
  </datafield>
  <datafield ind1=" " ind2=" " tag="300">
    <subfield code="a">76 p. ;</subfield>
    <subfield code="c">24 cm.</subfield>
  </datafield>
  <datafield ind1=" " ind2=" " tag="500">
    <subfield code="6">880-04</subfield>
    <subfield code="a">"Mastalah min majallat Kullīyat al-Dirāsāt al-Islāmīyah, al-ʻadad al-thālith sanah 1389 H.-1390/1969 M.-1970 M."</subfield>
  </datafield>
  <datafield ind1=" " ind2=" " tag="504">
    <subfield code="a">Bibliography: p. 70-72.</subfield>
  </datafield>
  <datafield ind1=" " ind2="0" tag="650">
    <subfield code="a">Necessity (Islamic law)</subfield>
    <subfield code="0">http://id.loc.gov/authorities/subjects/sh85090547</subfield>
  </datafield>
  <datafield ind1="1" ind2=" " tag="880">
    <subfield code="6">100-01/r</subfield>
    <subfield code="a">زيدان، عبد الكريم.</subfield>
  </datafield>
  <datafield ind1="1" ind2="0" tag="880">
    <subfield code="6">245-02/r</subfield>
    <subfield code="a">حالة الضرورة في الشريعة الاسلامية /</subfield>
    <subfield code="c">[تأليف] عبد الكريم زيدان.</subfield>
  </datafield>
  <datafield ind1=" " ind2=" " tag="880">
    <subfield code="6">260-03/r</subfield>
    <subfield code="a">[بغداد؟] :</subfield>
    <subfield code="b">دار النذير،</subfield>
    <subfield code="c">[1970]</subfield>
  </datafield>
  <datafield ind1=" " ind2=" " tag="880">
    <subfield code="6">500-04/r</subfield>
    <subfield code="a">"مستلة من مجلة كلية الدراسات الاسلامية، العدد الثالث سنة 1389 ه.1390/1969 م.1970 م."</subfield>
  </datafield>
  <datafield ind1=" " ind2=" " tag="911">
    <subfield code="a">20000130</subfield>
  </datafield>
  <datafield ind1=" " ind2=" " tag="994">
    <subfield code="a">C0</subfield>
    <subfield code="b">PUL</subfield>
  </datafield>
  <datafield ind1=" " ind2=" " tag="999">
    <subfield code="a">2766759</subfield>
  </datafield>
  <datafield ind1="0" ind2="0" tag="852">
    <subfield code="0">3077575</subfield>
    <subfield code="b">nec</subfield>
    <subfield code="t">1</subfield>
    <subfield code="h">KBP448.N43</subfield>
    <subfield code="i">Z393 1970</subfield>
  </datafield>
  <datafield ind1=" " ind2=" " tag="959">
    <subfield code="a">2001-03-13 10:34:50 -0500</subfield>
  </datafield>
</record>
